%
% ARTICLE
%

@article{neucube,
	title = {NeuCube: A spiking neural network architecture for mapping, learning and understanding of spatio-temporal brain data},
	journal = {Neural Networks},
	volume = {52},
	pages = {62-76},
	year = {2014},
	issn = {0893-6080},
	doi = {10.1016/j.neunet.2014.01.006},
	url = {https://www.sciencedirect.com/science/article/pii/S0893608014000070},
	author = {Nikola K. Kasabov},
	keywords = {Spiking neural networks, Spatio-temporal brain data, Pattern recognition, Data mining, EEG, FMRI, Neurogenetic data, Gene regulatory networks, Computational neuro-genetic modeling, Associative memory, Finite automata for spatio-temporal data},
}

@article{dl-with-sneurons,
	author={Pfeiffer, Michael and Pfeil, Thomas},
	title={Deep Learning With Spiking Neurons: Opportunities and Challenges},
	journal={Frontiers in Neuroscience},
	volume={12},
	pages={774},
	year={2018},
	url={https://www.frontiersin.org/article/10.3389/fnins.2018.00774},
	doi={10.3389/fnins.2018.00774},
	issn={1662-453X},
}

@article{dl-in-snns,
	title = {Deep learning in spiking neural networks},
	journal = {Neural Networks},
	volume = {111},
	pages = {47-63},
	year = {2019},
	issn = {0893-6080},
	doi = {10.1016/j.neunet.2018.12.002},
	url = {https://www.sciencedirect.com/science/article/pii/S0893608018303332},
	author = {Amirhossein Tavanaei and Masoud Ghodrati and Saeed Reza Kheradpisheh and Timothée Masquelier and Anthony Maida},
	keywords = {Deep learning, Spiking neural network, Biological plausibility, Machine learning, Power-efficient architecture},
}

@article{backprop-snns,
	title={Spatio-Temporal Backpropagation for Training High-Performance Spiking Neural Networks},
	volume={12},
	ISSN={1662-453X},
	url={http://dx.doi.org/10.3389/fnins.2018.00331},
	doi={10.3389/fnins.2018.00331},
	journal={Frontiers in Neuroscience},
	publisher={Frontiers Media SA},
	author={Wu, Yujie and Deng, Lei and Li, Guoqi and Zhu, Jun and Shi, Luping},
	year={2018},
	month={05}
}

@article{2ann-for-1snn-neuron,
	author={Pérez-Carrasco, José Antonio and Zhao, Bo and Serrano, Carmen and Acha, Begoña and Serrano-Gotarredona, Teresa and Chen, Shouchun and Linares-Barranco, Bernabé},
	journal={IEEE Transactions on Pattern Analysis and Machine Intelligence},
	title={Mapping from Frame-Driven to Frame-Free Event-Driven Vision Systems by Low-Rate Rate Coding and Coincidence Processing--Application to Feedforward ConvNets},
	year={2013},
	volume={35},
	number={11},
	pages={2706-2719},
	doi={10.1109/TPAMI.2013.71}
}

@article{nengo,
	author={Bekolay, Trevor and Bergstra, James and Hunsberger, Eric and DeWolf, Travis and Stewart, Terrence and Rasmussen, Daniel and Choo, Xuan and Voelker, Aaron and Eliasmith, Chris},
	title={Nengo: a Python tool for building large-scale functional brain models},
	journal={Frontiers in Neuroinformatics},
	volume={7},
	pages={48},
	year={2014},
	url={https://www.frontiersin.org/article/10.3389/fninf.2013.00048},
	doi={10.3389/fninf.2013.00048},
	Issn={1662-5196},
}

@article{nengo-dl,
	author={Rasmussen, Daniel},
	journal={ResearchGate},
	year={2018},
	month={05},
	pages={},
	title={NengoDL: Combining deep learning and neuromorphic modelling methods}
}

@article{fpga-impl-nn,
	author={Maeda, Y. and Tada, T.},
	journal={IEEE Transactions on Neural Networks},
	title={FPGA implementation of a pulse density neural network with learning ability using simultaneous perturbation},
	year={2003},
	volume={14},
	number={3},
	pages={688-695},
	doi={10.1109/TNN.2003.811357}
}

@article{memristors,
	author={Xu, Weilin and Wang, Jingjuan and Yan, Xiaobing},
	title={Advances in Memristor-Based Neural Networks},
	journal={Frontiers in Nanotechnology},
	volume={3},
	pages={20},
	year={2021},
	url={https://www.frontiersin.org/article/10.3389/fnano.2021.645995},
	doi={10.3389/fnano.2021.645995},
	issn={2673-3013},
}

@article{stdp-biological,
	author={Borthakur, Ayon and Cleland, Thomas A.},
	title={A Spike Time-Dependent Online Learning Algorithm Derived From Biological Olfaction},
	journal={Frontiers in Neuroscience},
	volume={13},
	pages={656},
	year={2019},
	url={https://www.frontiersin.org/article/10.3389/fnins.2019.00656},
	doi={10.3389/fnins.2019.00656},
	issn={1662-453X},
}

@article{survey-stdp,
	author={Vigneron, Alex and Martinet, Jean},
	journal={ResearchGate},
	year={2020},
	month={03},
	pages={},
	title={A critical survey of STDP in Spiking Neural Networks for Pattern Recognition (Preprint)},
	doi={10.13140/RG.2.2.24086.09287},
	url={https://www.researchgate.net/publication/340133418_A_critical_survey_of_STDP_in_Spiking_Neural_Networks_for_Pattern_Recognition_Preprint},
}

@article{brian,
	author={Marcel Stimberg and Romain Brette and Dan FM Goodman},
	title={Brian 2, an intuitive and efficient neural simulator},
	journal={eLife},
	year={2019},
	month={08},
	doi={10.7554/eLife.47314},
	url={https://elifesciences.org/articles/47314},
}

@article{brian-vectorized,
	author={Romain Brette and Dan F. M. Goodman},
	title={Vectorized Algorithms for Spiking Neural Network Simulation},
	journal={Neural Computation},
	year={2011},
	month={06},
	doi={10.1162/NECO_a_00123},
	url={https://direct.mit.edu/neco/article/23/6/1503/7658/Vectorized-Algorithms-for-Spiking-Neural-Network},
}

@article{brian2genn,
	author={Esin Yavuz, James Turner, Thomas Nowotny},
	title={GeNN: a code generation framework for accelerated brain simulations},
	journal={Scientific Reports},
	year={2016},
	month={01},
	doi={10.1038/srep18854},
	url={https://www.nature.com/articles/srep18854},
}

@article{bisnn-for-decoding-muscle-act,
	title={Brain-inspired spiking neural networks for decoding and understanding muscle activity and kinematics from electroencephalography signals during hand movements},
	author={Kumarasinghe, Kaushalya and Kasabov, Nikola and Taylor, Denise},
	year={2021},
	month={01},
	journal={Scientific Reports},
	url={https://doi.org/10.1038/s41598-021-81805-4},
	doi={10.1038/s41598-021-81805-4},
}

@article{hh-bio-form,
	author={Schölzel, Christopher and Blesius, Valeria and Ernst, Gernot and Dominik, Andreas},
	title={An Understandable, Extensible, and Reusable Implementation of the Hodgkin-Huxley Equations Using Modelica},
	journal={Frontiers in Physiology},
	volume={11},
	pages={1209},
	year={2020},
	url={https://www.frontiersin.org/article/10.3389/fphys.2020.583203},
	doi={10.3389/fphys.2020.583203},
	issn={1664-042X},
}

@article{varekap300,
	title = {Evaluation of convolutional neural networks using a large multi-subject P300 dataset},
	journal = {Biomedical Signal Processing and Control},
	volume = {58},
	pages = {101837},
	year = {2020},
	issn = {1746-8094},
	doi = {10.1016/j.bspc.2019.101837},
	url = {https://www.sciencedirect.com/science/article/pii/S1746809419304185},
	author = {Lukáš Vařeka},
	keywords = {Convolutional neural networks, Event-related potentials, P300, BCI, LDA, Machine learning},
}

@article{lmu-article,
 author = {Voelker, Aaron and Kaji\'{c}, Ivana and Eliasmith, Chris},
 booktitle = {Advances in Neural Information Processing Systems},
 editor = {H. Wallach and H. Larochelle and A. Beygelzimer and F. d\textquotesingle Alch\'{e}-Buc and E. Fox and R. Garnett},
 pages = {},
 publisher = {Curran Associates, Inc.},
 title = {Legendre Memory Units: Continuous-Time Representation in Recurrent Neural Networks},
 url = {https://proceedings.neurips.cc/paper/2019/file/952285b9b7e7a1be5aa7849f32ffff05-Paper.pdf},
 volume = {32},
 year = {2019}
}

@article{dataset-article,
 author = {Mouček, R. and Vařeka, L. and Prokop, T. and Štěbeták, J. and Brůha, P.},
 journal = {Scientific Data},
 title = {Event-related potential data from a guess the number brain-computer interface experiment on school children},
 doi = {10.1038/sdata.2016.121},
 url = {https://www.nature.com/articles/sdata2016121},
 volume = {4},
 year = {2017},
 month = {03}
}

%
% ONLINE
%

@misc{snns-nextgen,
	author={Devin Soni},
	publisher={Towards data science},
	title={Spiking Neural Networks, the Next Generation of Machine Learning},
	howpublished={\url{https://towardsdatascience.com/spiking-neural-networks-the-next-generation-of-machine-learning-84e167f4eb2b}},
	year=2018,
}

@misc{brian2cuda,
	author={{Brian Team}},
	publisher={brian-team},
	title={brian2cuda},
	howpublished={\url{https://github.com/brian-team/brian2cuda}},
}

@misc{pytorch,
	author={PyTorch},
	publisher={pytorch},
	title={PyTorch},
	howpublished={\url{https://github.com/pytorch/pytorch}},
}

@misc{tensorflow,
	author={Tensorflow},
	publisher={Tensorflow},
	title={Tensorflow},
	howpublished={\url{https://github.com/tensorflow/tensorflow}},
}

@misc{nest-site,
	author={{NEST initiative}},
	publisher={NEST initiative},
	title={NEST},
	howpublished={\url{https://www.nest-simulator.org/}},
	year=2021,
	month=jun
}

@misc{intel,
	author={Intel},
	publisher={Intel},
	title={Neuromorphic computing},
	howpublished={\url{https://www.intel.com/content/www/us/en/research/neuromorphic-computing.html}},
	year=2021,
	month=jun
}

@misc{ebrains,
	author={EBRAINS},
	publisher={EBRAINS},
	title={Neuromorphic computing},
	howpublished={\url{https://ebrains.eu/service/neuromorphic-computing/}},
	year=2021,
	month=jun
}

@misc{hbp,
	author={{Human Brain Project}},
	publisher={Human Brain Project},
	howpublished={\url{https://www.humanbrainproject.eu/en/}},
	year=2021,
	month=jun
}

@misc{brainmodels-lif,
	author={BrainModels},
	publisher={BrainModels},
	title={Leaky Integrate-and-fire model},
	howpublished={\url{https://brainmodels.readthedocs.io/en/latest/tutorials/neurons/LIF_model.html}},
	year=2021,
	month=jun
}

@misc{brainmodels-izhi,
	author={BrainModels},
	publisher={BrainModels},
	title={Izhikevich model},
	howpublished={\url{https://brainmodels.readthedocs.io/en/latest/tutorials/neurons/Izhikevich_model.html}},
	year=2021,
	month=jun
}

@misc{brainmodels-hh,
	author={BrainModels},
	publisher={BrainModels},
	title={Hodgkin-Huxley Model},
	howpublished={\url{https://brainmodels.readthedocs.io/en/latest/tutorials/neurons/HH_model.html}},
	year=2021,
	month=jun
}

@misc{hh-nobel,
	author={{Sir John Eccles, Alan Hodgkin, Andrew Huxley}},
	publisher={NobelPrize.org},
	title={The Nobel Prize in Physiology or Medicine 1963},
	howpublished={\url{https://www.nobelprize.org/prizes/medicine/1963/summary/}},
}

@misc{swish,
	title={Searching for Activation Functions},
	author={Prajit Ramachandran and Barret Zoph and Quoc V. Le},
	year={2017},
	eprint={1710.05941},
	archivePrefix={arXiv},
	primaryClass={cs.NE}
}

@misc{silu,
	title={Sigmoid-Weighted Linear Units for Neural Network Function Approximation in Reinforcement Learning},
	author={Stefan Elfwing and Eiji Uchibe and Kenji Doya},
	year={2017},
	eprint={1702.03118},
	archivePrefix={arXiv},
	primaryClass={cs.LG}
}

@misc{keras,
	title={Keras vs. tf.keras: What’s the difference in TensorFlow 2.0?},
	author={Adrian Rosebrock},
	howpublished={\url{https://www.pyimagesearch.com/2019/10/21/keras-vs-tf-keras-whats-the-difference-in-tensorflow-2-0/}},
	year=2019,
}

@misc{lmu-nengodl-doc,
	title={Legendre Memory Units in NengoDL},
	author={{Applied Brain Research}},
	howpublished={\url{https://www.nengo.ai/nengo-dl/v3.3.0/examples/lmu.html}},
	year=2021,
}

@misc{lmu-nengo-doc,
	title={Legendre Memory Units in Nengo},
	author={{Applied Brain Research}},
	howpublished={\url{https://www.nengo.ai/nengo/examples/learning/lmu.html}},
	year=2021,
}

@misc{thesis-code,
	author={{Jakub Matějka}},
	title={P300 dataset classification with ANNs and SNNs},
	howpublished={\url{https://github.com/matenestor/p300-snn-classification}},
}

%
% OTHER
%

@data{dataset,
	author = {Mouček, Roman and Vařeka, Lukáš and Prokop, Tomáš and Štěbeták, Jan and Brůha, Petr},
	publisher = {Harvard Dataverse},
	title = {Replication Data for: Evaluation of convolutional neural networks using a large multi-subject P300 dataset},
	year = {2019},
	version = {V1},
	doi = {10.7910/DVN/G9RRLN},
	url = {https://doi.org/10.7910/DVN/G9RRLN}
}

@misc{pytorch-paper,
	author = {Paszke, Adam and Gross, Sam and Massa, Francisco and Lerer, Adam and Bradbury, James and Chanan, Gregory and Killeen, Trevor and Lin, Zeming and Gimelshein, Natalia and Antiga, Luca and Desmaison, Alban and Kopf, Andreas and Yang, Edward and DeVito, Zachary and Raison, Martin and Tejani, Alykhan and Chilamkurthy, Sasank and Steiner, Benoit and Fang, Lu and Bai, Junjie and Chintala, Soumith},
	booktitle = {Advances in Neural Information Processing Systems},
	editor = {H. Wallach and H. Larochelle and A. Beygelzimer and F. d\textquotesingle Alch\'{e}-Buc and E. Fox and R. Garnett},
	pages = {},
	publisher = {Curran Associates, Inc.},
	title = {PyTorch: An Imperative Style, High-Performance Deep Learning Library},
	url = {https://proceedings.neurips.cc/paper/2019/file/bdbca288fee7f92f2bfa9f7012727740-Paper.pdf},
	volume = {32},
	year = {2019}
}

@software{nest,
	author = {{Hahne, Jan et al.}},
	title={NEST 3.0},
	month=jun,
	year=2021,
	publisher={Zenodo},
	journal={Zenodo},
	version={3.0},
	doi={10.5281/zenodo.4739103},
	url={https://doi.org/10.5281/zenodo.4739103},
	howpublished={\url{https://doi.org/10.5281/zenodo.4739103}},
}

